@misc{ref:physicsforums,
    title={Capacitor paradox},
    howpublished={\url{https://www.physicsforums.com/threads/capacitor-paradox.321298/}},
    note={Accessed 2017-11-24}
}
@article{ref:arXiv:1309.5034,
    author={Ashok K. Singal},
    journal={Phys. Education, 31, No. 4, 2},
    title={The Paradox of Two Charged Capacitors -- A New Perspective},
    year={2015},
    howpublished={\url{https://arxiv.org/abs/1309.5034}}
}
